% This file was created with JabRef 2.7b.
% Encoding: UTF8

@STRING{AAS = {Annals of Applied Statistics}}

@STRING{AMSTAT = {The American Statistician}}

@STRING{ANS = {Annals of Statistics}}

@STRING{BA = {Bayesian Analysis}}

@STRING{BIMJ = {Biometrical Journal}}

@STRING{BMA = {Biometrika}}

@STRING{BMJ = {British Medical Journal}}

@STRING{BMS = {Biometrics}}

@STRING{CJS = {The Canadian Journal of Statistics}}

@STRING{CSDA = {Computational Statistics and Data Analysis}}

@STRING{JASA = {Journal of the American Statistical Association}}

@STRING{JCGS = {Journal of Computational and Graphical Statistics}}

@STRING{JRSI = {Journal of the Royal Society Interface}}

@STRING{JRSSA = {Journal of the Royal Statistical Society. Series A (Statistics in
	Society)}}

@STRING{JRSSAG = {Journal of the Royal Statistical Society. Series A (General)}}

@STRING{JRSSB = {Journal of the Royal Statistical Society. Series B (Statistical Methodology)}}

@STRING{JRSSB-97 = {Journal of the Royal Statistical Society. Series B (Methodological)}}

@STRING{JRSSC = {Journal of the Royal Statistical Society. Series C (Applied Statistics)}}

@STRING{JRSSD = {Journal of the Royal Statistical Society. Series D (The Statistician)}}

@STRING{JSPI = {Journal of Statistical Planning and Inference}}

@STRING{JSS = {Journal of Statistical Software}}

@STRING{PNAS = {Proceedings of the National Academy of Sciences of the United States
	of America}}

@STRING{SAPL = {Statistics and Probability Letters}}

@STRING{SIM = {Statistics in Medicine}}

@STRING{SJS = {Scandinavian Journal of Statistics}}

@STRING{SKYA = {Sankhy\={a}: The Indian Journal of Statistics}}

@STRING{SKYAA = {Sankhy\={a}: The Indian Journal of Statistics, Series A}}

@STRING{SKYAB = {Sankhy\={a}: The Indian Journal of Statistics, Series B}}

@STRING{SMMR = {Statistical Methods in Medical Research}}

@STRING{STCO = {Statistics and Computing}}

@STRING{STSCI = {Statistical Science}}

@STRING{STSIN = {Statistica Sinica}}

@STRING{TREE = {Trends in Ecology and Evolution}}

@STRING{MEE = {Methods in Ecology and Evolution}}

@STRING{GSE = {Genetics, Selection, Evolution}}


@Article{henderson1976,
  Title                    = {Simple method for computing inverse of a numerator relationship matrix used in prediction of breeding values},
  Author                   = {Henderson, C.R.},
  Journal                  = {Biometrics},
  Year                     = {1976},
  Pages                    = {69-83},
  Volume                   = {32}
}

@Article{garcia-cortes.etal2006,
  Title                    = {Multibreed analysis by splitting the breeding values},
  Author                   = {Garc{\'i}a-Cort{\'e}s, Luis Alberto
and Toro, Miguel {\'A}ngel},
  Journal                  = {Genetics Selection Evolution},
  Year                     = {2006},
  Pages                    = {601--615},
  Volume                   = {38}
}

@Article{nadiv,
    title = {{nadiv}: an {R} package to create relatedness matrices for estimating non-additive genetic variances in animal models},
    author = {Matthew E. Wolak},
    journal = {Methods in Ecology and Evolution},
    year = {2012},
    volume = {3},
    number = {5},
    pages = {792-796},
    url = {http://onlinelibrary.wiley.com/doi/10.1111/j.2041-210X.2012.00213.x/full},
  }

@article{odegaard.etal2018,
 author = {{\O}deg{\aa}rd, J. and Indahl, U. and Strand\'en, I. and Meuwissen, T.H.E.},
 title = {Large‐scale genomic prediction using singular value decomposition of the genotype matrix},
 year = {2018},
 journal = GSE,
 volume = {50:6}
}

@article {wolak.reid2017,
author = {Wolak, Matthew E. and Reid, Jane M.},
title = {Accounting for genetic differences among unknown parents in microevolutionary studies: how to include genetic groups in quantitative genetic animal models},
journal = {Journal of Animal Ecology},
volume = {86},
number = {1},
pages = {7--20},
keywords = {ASReml, base population, dispersal, heritability, MCMCglmm, nadiv, numerator relationship matrix, phantom parents, total additive genetic effects, WOMBAT},
year = {2017}
}

@ARTICLE{cook.stefanski1994,
  author = {Cook, J.R. and Stefanski, L.A.},
  title = {{S}imulation-extrapolation estimation in parametric measurement error
	models},
  journal = {Journal of the American Statistical Association},
  year = {1994},
  volume = {89},
  pages = {1314--1328},
  file = {cook.stefanski1994.pdf:articles/cook.stefanski1994.pdf:PDF},
  owner = {steffi},
  timestamp = {2012.10.11}
}

@INPROCEEDINGS{plummer.2003,
  author = {Plummer, M.},
  title = {{JAGS}: {A} {P}rogram for {A}nalysis of {B}ayesian {G}raphical {M}odels
	{U}sing {G}ibbs {S}ampling},
  booktitle = {Proceedings of the 3rd International Workshop on Distributed Statistical
	Computing},
  year = {2003},
address = {Vienna},
  editor = {Hornik, K. and Leisch, F. and Zeileis, A.}
}

@ARTICLE{Calverley.etal2007,
  author={Calverley, P. M. and Anderson, J. A. and Celli, B. and Ferguson, G. T. and Jenkins, C. and Jones, P. W. and Yates, J. C. and Vestbo, J.},
  title={Salmeterol and fluticasone propionate and survival in chronic obstructive pulmonary disease},
  journal={New England Journal of Medicine},
  year = {2007},
  volume={356},
  pages={775--789}
}

@ARTICLE{frei.etal2016,
  author = {Frei, A. and Siebeling, L. and Wolters, C. and Held, L. and Muggensturm, P. and Strassmann, A. and Zoller, M. and {ter Riet}, G. and Puhan, M.},
  title = {The Inaccuracy of Patient Recall for {COPD} Exacerbation Rate Estimation and its Implications: Results from Central Adjudication},
  journal = {CHEST},
  year = {2016},
  volume = {150},
  number = {4},
  pages = {860--868}
}

@ARTICLE{ruiz.etal2016,
  author = {Ruiz-Gutierrez, V. and Hooten, M. B. and Campbell Grant, E. H.},
  title = {Uncertainty in biological monitoring: a framework for data collection and analysis to account for multiple sources of sampling bias},
  journal = MEE,
  year = {2016},
  volume = {7},
  pages = {900--909}
}

@ARTICLE{woolley.etal2016,
  author = {Woolley, S. N. C. and Tittensor, D. P. and Dunstan, P. K. and Guillera-Arroita, G. and Lahoz-Monfort, J. J. and Wintle, B. A. and Worm, B. and O’Hara, T. D.},
  title = {Deep-sea diversity patterns are shaped by energy availability},
  journal = {Nature},
  year = {2016},
  volume = {533},
  pages = {393--396}
}



@ARTICLE{morrison.etal2016,
  author = {Morrison, T. A. and Holdo, R. M. and Anderson, T. M.},
  title = {Elephant damage, not fire or rainfall, explains mortality of overstorey trees in Serengeti},
  journal = {Journal of Ecology},
  year = {2016},
  volume = {104},
  pages = {409--418}
}


@ARTICLE{bagchi.etal2014,
  author = {Bagchi, R. and Gallery, R. E. and Gripenberg, S. and Gurr, S. J. and
Narayan, L. and Addis, C. E. and Freckleton, R. P. and Lewis, O. T.},
  title = {Pathogens and insect herbivores drive rainforest plant diversity and composition},
  journal = {Nature},
  year = {2014},
  volume = {506},
  pages = {85--88}
}


@Article{stoklosa.etal2015,
  author = {Stoklosa, J. and Daly, Ch. and Foster, S. D. and Ashcroft, M. B. and Warton, D. I.},
  title = {A climate of uncertainty: accounting for error in climate variables for species distribution models},
  journal = {Methods in Ecology and Evolution},
  year = {2015},
  volume = {6},
  pages = {412--423}
}

@Article{silvetro.etal2015,
  author = {Silvestro, D. and Kostikova, A. and Litsios, G. and Pearman, P. B. and Salamin, N.},
  title = {Measurement errors should always be incorporated in phylogenetic comparative analysis},
  journal = {Methods in Ecology and Evolution},
  year = {2015},
  volume = {6},
  pages = {340 -- 346}
}

@ARTICLE{akanda2014,
  author = {Akanda, Md. A. S. and Alpizar-Jara, R.},
  title = {Estimation of capture probabilities using generalized estimating equations and mixed effects approache},
  journal = {Ecology and Evolution},
  year = {2014},
  volume = {4},
  number = {7},
  pages = {1158--1165}
}

@ARTICLE{berkson1950,
  author = {Berkson, J.},
  title = {{A}re there two regressions?},
  journal = {Journal of the American Statistical Association},
  year = {1950},
  volume = {45},
  number = {250},
  pages = {164--180}
}

@Article{bickel.etal1975,
 author = {Bickel, P. J. and Hammel, E. A. and O'Connell, J. W.},
 title = {Sex Bias in Graduate Admissions: Data From {B}erkeley},
 journal = {Science},
 year = {1975},
 number = {187},
 volume = {4175},
 pages = {398--404}
}


@ARTICLE{bowerman2010,
  author = {Bowerman, J. and Johnson, P. T. J. and Bowerman, T.},
  title = {Sublethal predators and their injured prey: linking aquatic predators and severe limb abnormalities in amphibians},
  journal = {Ecology},
  year = {2010},
  volume = {91},
  number = {1},
  pages = {242--251}
}

@ARTICLE{breslow.clayton1993,
  author = {Breslow, N. E. and Clayton, D. G.},
  title = {Approximate inference in generalized linear mixed models},
  journal = JASA,
  year = {1993},
  volume = {88}, 
  number = {421},
  pages = {9--25}
}

@ARTICLE{brostroem.holmberg2011,
  author = {Brostr\"om, G. and Holmberg, H.},
  title = {Generalized linear models with clustered data: Fixed and random effects models},
  journal = {Computational Statistics \& Data Analysis},
  year = {2011},
  volume = {55},
  pages = {3123--3134}
}
 

@ARTICLE{burr1988,
  author = {Burr, D},
  title = {{O}n errors-in-variables in binary regression---{B}erkson case},
  journal = {Journal of the American Statistical Association},
  year = {1988},
  volume = {83},
  pages = {739--743},
  number = {403},
  publisher = {Taylor \& Francis}
}

@ARTICLE{carroll.1989,
  author = {Carroll, R.J.},
  title = {{C}ovariance analysis in generalized linear measurement error models},
  journal = {Statistics in Medicine},
  year = {1989},
  volume = {8},
  number = {9},
  pages = {1075--1093},
  file = {carroll.1989.pdf:articles/carroll.1989.pdf:PDF},
  owner = {steffi},
  quality = {1},
  timestamp = {2013.01.15}
}

@BOOK{carroll.etal2006,
  title = {{M}easurement {E}rror in {N}onlinear {M}odels: {A} {M}odern {P}erspective},
  publisher = {Chapman \& Hall},
  year = {2006},
  author = {R.J. Carroll and D. Ruppert and L.A. Stefanski and C.M. Crainiceanu},
  address = {Boca Raton},
  edition = {2},
  owner = {steffi},
  timestamp = {2012.10.11}
}

@ARTICLE{cochrane.orcutt1949,
  author = {Cochrane, D. and Orcutt, G. H.},
  title = {Application of Least Squares Regression to Relationships Containing Auto-Correlated Error Terms},
  journal = JASA,
  year = {1949},
  volume = {44},
  number ={245},
  pages = {32--61}
}

@BOOK{diggle.etal1994,
  title = {{A}nalysis of {L}ongitudinal {D}ata},
  publisher = {Clarendon Press},
  year = {2003},
  author = {Diggle, Peter J and Liang, Kung-Yee and Zeger,
	Scott L},
  address = {Oxford},
 series = {Oxford Science Publications}
}


@BOOK{diggle.etal2002,
  title = {{A}nalysis of {L}ongitudinal {D}ata},
  publisher = {Clarendon Press},
  year = {2002},
  author = {Diggle, Peter J and Heagerty, Patrick J and Liang, Kung-Yee and Zeger,
	Scott L},
  edition = {2},
   address = {Oxford},
 series = {Oxford Science Publications}
}

@ARTICLE{fieberg.etal2009,
  author = {Fieberg, J. and Rieger, R. H. and Zicus, M. C. and Schildcrout, J. S.},
  title = {Regression modelling of correlated data in ecology: subject-specific and population averaged response patterns},
  journal = {Journal of Applied Ecology},
  year = {2009},
  volume = {46},
  number = {5},
  pages = {1018--1025}
}

@ARTICLE{fieberg.etal2010,
  author = {Fieberg, J. and Matthiopoulos, J. and Hebblewhite, M. and Boyce, M. S. and Frair, J. L. },
  title = {Correlation and studies of habitat selection: problem, red herring or opportuniy?},
  journal = {Phil. Trans. R. Soc. B},
  year = {2010},
  volume = {365},
  number = {1550},
  pages = {2233--2244}
}

@BOOK{buonaccorsi2010,
  title = {{M}easurement {E}rror: {M}odels, {M}ethods, and {A}pplications},
  publisher = {CRC Press},
  year = {2010},
  author = {Buonaccorsi, John P.},
  pages = {xxvi+437},
  address = {Boca Raton, FL}
}

@BOOK{fuller1987,
  title = {{M}easurement {E}rror {M}odels},
  publisher = {John Wiley \& Sons},
  year = {1987},
  author = {Fuller, W. A.},
  address = {New York},
  owner = {andrea},
  timestamp = {2012.02.16}
}

@ARTICLE{gardiner.etal2009,
  author = {Gardiner, J. C. and Luo, Z. and Roman, L. A.},
  title = {Fixed effects, random effects and {GEE}: what are the differences?},
  journal = SIM,
  year = {2009},
  volume = {28}, 
  number = {2},
  pages = {221--239}
}


@ARTICLE{gail.etal1984,
  author = {Gail, M. H. and Wieand, S. and Piantadosi, S.},
  title = {{B}iased estimates of treatment effect in randomized experiments
	with nonlinear regressions and omitted covariates},
  journal = BMA,
  year = {1984},
  volume = {71},
  pages = {431--444},
  number = {3},
  publisher = {Biometrika Trust}
}

@ARTICLE{Gail.etal1988,
  author = {Gail, M. H. and Tan, W. Y. and Piantadosi, S.},
  title = {Tests for No Treatment effect in randomized clinical
	trials},
  journal = {Biometrika},
  year = {1988},
  volume = {75},
  number = {1},
  pages = {57--64},
  publisher = {Biometrika Trust}
}

@ARTICLE{groemping1996,
 author = {Gr\"omping, Ulrike},
  title = {A note on fitting a marginal model to mixed effects log-linear regression data via {GEE}},
  journal = {Biometrics},
  year = {1996},
  volume = {52},
  number = {1},
  pages = {280--285}
}

@ARTICLE{heagerty1999,
  author = {Heagerty, P.J.},
  title = {Marginally specified logistic-normal model for longitudinal binary data},
  journal = {Biometrics},
  year = {1999},
  volume = {55},
  number = {3},
  pages = {688--698}
}


@ARTICLE{muff.keller2015,
  author = {S. Muff and Keller, L. F.},
  title = {Reverse attenuation in interaction terms due to covariate error},
  journal = {Biometrical Journal},
  year = {2015},
  volume = {57},
  pages = {1068--1083}
}

@Article{reid.etal2014,
  Title                    = {Pedigree error due to extra-pair reproduction substantially biases estimates of inbreeding depression},
  Author                   = {Reid, J. M. and Keller, L. F. and Marr, A. B. and Nietlisbach, P. and Sardell, R. J. and Arcese, P.},
  Journal                  = {Evolution},
  Year                     = {2014},
  Pages                    = {802--815},
  Volume                   = {3}
}


@ARTICLE{muff.etal2015,
  author = {S. Muff and Riebler, A. and Held, L. and Rue, H. and Saner, P.},
  title = {Bayesian analysis of measurement error models using Integrated Nested {L}aplace Approximations},
  journal = JRSSC,
  year = {2015},
  volume = {64},
  pages = {231--252}
}


@article{muff.etal2018,
  author = {Muff, S. and Puhan, M. A. and Held, L.},
  title = {Bias away from the Null due to miscounted outcomes?},
  year = {2018},
  journal = {Statistical Methods in Medical Research},
  volume = {27},
  pages = {3151--3166}
}



@ARTICLE{heagerty.zeger2000,
  author = {Heagerty, P.J. and Zeger, S.L.},
  title = {Marginalized multilevel models and likelihood inference (with comments and a rejoinder by the authors)},
  journal = {Statistical Science},
  year = {2000},
  volume = {15},
  number = {1},
  pages = {1--26},
  owner = {steffi},
  timestamp = {2014.03.27}
}

@ARTICLE{bozzuto.etal2016,
  author = {Bozzuto, C. and Biebach, I. and Muff, S. and Ives, A. R. and Keller, L. F.},
  title = {Inbreeding reduces long-term population growth rates of reintroduced {A}lpine ibex},
  note = {In preparation},
  year = {2016}
}

@BOOK{hardin.hilbe2012,
  author = { Hardin, J. W. and Hilbe, J. M.},
  title = {Generalized Estimating Equations},
  publisher = {Chapman \& Hall/CRC},
  year = {2012},
  edition = {2}
}

@BOOK{hilbe.2011,
  author = {Hilbe, J. M.},
  title = {Negative Binomial Regression},
  publisher = {Cambridge University Press, New York},
  year = {2011},
  edition = {2}
}

@Article{hubbard.etal2010,
   Author="Hubbard, A. E.  and Ahern, J.  and Fleischer, N. L.  and Van der Laan, M.  and Lippman, S. A.  and Jewell, N.  and Bruckner, T.  and Satariano, W. A. ",
   Title={{T}o {G}{E}{E} or not to {G}{E}{E}: comparing population average and mixed models for estimating the associations between neighborhood risk factors and health},
   Journal={Epidemiology},
   Year={2010},
   Volume={21},
   Number={4},
   Pages={467--474},
}


@ARTICLE{Bell.Jones2015,
  author = {Bell, A. and Jones, K.},
  title = {Explaining Fixed Effects: Random Effects Modeling of Time-Series Cross-Sectional and Panel Data},
  journal = {Political Science Research Methods},
  year = {2015},
  volume = {3}, 
  number = {1},
  pages = {133--153}
}

@ARTICLE{freckleton2011,
  author = {Freckleton, R. P.},
  title = {Dealing with collinearity in behavioural and ecological data: model averaging and the problems of measurement error},
  journal = {Behavioral Ecology and Sociobiology},
  year = {2011},
  volume = {65},
  pages = {91--101}
}

@article{mwalili.etal2008,
author = {Mwalili, S. and Lesaffre, E. and Declerck, D.},
year = {2008},
title = {The zero-inflated negative binomial regression model with correction for misclassification: An example in caries research},
journal = {Statistical Methods in Medical Research}, 
volume = {17}, 
pages = {123--139}
}

@ARTICLE{FongRueWakefield2010,
  author = {Fong, Youyi and Rue, Havard and Wakefield, Jon},
  title = {{B}ayesian inference for generalized linear mixed models},
  journal = {Biostatistics},
  year = {2010},
  volume = {11},
  pages = {397--412},
  number = {3}
}


@ARTICLE{Gamerman1997,
  author = {Gamerman, Dani},
  title = {{S}ampling from the posterior distribution in generalized linear
	mixed models},
  journal = STCO,
  year = {1997},
  volume = {7},
  pages = {57--68},
  number = {1}
}



@BOOK{gelman.etal1995,
  author = {Gelman, A. and Carlin, J. B. and Stern, H. S. and Rubin, D. B},
  title = {{Bayesian Data Analysis}},
  publisher = {Texts in Statistical Science. London: Champan \& Hall},
  year = {1995},
 
}


@ARTICLE{koper.manseau2009,
  author = {Koper, N. and Manseau, M.},
  title = {Generalized estimating equations and generalized linear mixed-effects models for modelling resource selection},
  journal = {Journal of Applied Ecology},
  year = {2009},
  volume = {46}, 
  number = {3},
  pages = {590--599}
}

@BOOK{johnson.kotz1970,
  title = {Distribution in Statistics, Continuous Univariate Distributions},
  publisher = { Houghto-Mifflin},
  year = {1970},
  author = {Johnson, N. L. and Kotz, S.},
  address = {Boston},
  edition = {2}
}


@ARTICLE{Govindarajulu.etal2011,
  author = {Govindarajulu, U. S. and Lin, H. and Lunetta, K. L. and D’Agostino, R. B.},
  title = {Frailty models: Applications to
biomedical and genetic studies},
  journal = {Statistics in Medicine},
  year = {2011},
  volume = {30}, 
  pages = {2754--2764}
}

@ARTICLE{hamel.etal2012,
  author = {Hamel, S. and Yoccoz, N. G. and Gaillard, J.-M.},
  title = {Statistical evaluation of parameters estimating autocorrelation and individual heterogeneity in longitudinal studies},
  journal = {Methods in Ecology and Evolution},
  year = {2012},
  volume = {3},
  number = {4},
  pages = {731--742}
}

@Article{hadfield2010,
  Title                    = {{MCMC} Methods for Multi-Response Generalized Linear Mixed Models: The {MCMC}glmm {R} Package},
  Author                   = {Hadfield, J.D.},
  Journal                  = {Journal of Statistical Software},
  Year                     = {2010},
  Pages                    = {1-22},
  Volume                   = {33},

  Owner                    = {ericapo},
  Timestamp                = {2016.08.10}
}

@ARTICLE{hadfield2015,
  author = {Hadfield, J. D.},
  title = {Increasing the efficiency of {MCMC} for hierarchical phylogenetic models of categorical traits using reduced mixed models},
  journal = {Methods in Ecology and Evolution},
  year = {2015},
  volume = {6},
  number = {6},
  pages = {706--714}
}

@ARTICLE{hougaard1986,
  author = {Hougaard, P.},
  title = {Survival Models for Heterogeneous populations derived from stable distributions},
  journal = {Biometrika},
  year = {1986},
  volume = {73},
  number = {2},
  pages = {387--396}
}


@ARTICLE{hougaard1986b,
  author = {Hougaard, P.},
  title = {A class of multivariate failure time distributions},
  journal = {Biometrika},
  year = {1986},
  volume = {73},
  number = {3},
  pages = {671--678}
}

@ARTICLE{ives.helmus2011,
  author = {Ives, A. R. and Helmus, M. R.},
  title = {Generalized linear mixed models for phylogenetic analyses of community structure},
  journal = {Ecological Monographs},
  year = {2011},
  volume = {81}, 
  number = {3},
  pages = {511--525}
}

@ARTICLE{johnson2014,
  author = {Johnson, P. C. D.},
  title = {Extension of {N}akagawa \& {S}chielzeth's {$R^2_{\text{GLMM}}$} to random slopes models},
  journal = {Methods in Ecology and Evolution},
  year = {2014},
  volume = {5},
  number = {9},
  pages = {944--946}
}

@ARTICLE{kaldhusal.etal2015,
  author = {Kaldhusal, A. and Brandl, R. and M\"uller, J. and M\"ost, L. and Hothorn, T.},
  title = {Spatio-phylogenetic multispecies distribution models},
  journal = {Methods in Ecology and Evolution},
  year = {2015},
  volume = {6},  
  number = {2},
  pages = {187--197}
}


@Article{Kuechenhoff.etal2007,
  Title                    = {Effect of {B}erkson measurement error on parameter estimates in {C}ox regression models},
  Author                   = {K\"uchenhoff, H. and Bender, R. and Langner, I.},
  Journal                  = {Lifetime Data Analysis},
  Year                     = {2007},
  Pages                    = {261--272},
  Volume                   = {13}
}

@ARTICLE{lee.nelder2001,
  author = {Lee, Y. and Nelder, J. A.},
  title = {Hierarchical generalized linear models: {A} synthesis of generalised linear models, random-effects models and structured dispersions},
  journal = {Biometrika},
  year = {2001},
  volume = {88}, 
  number = {4},
  pages = {987--1006}
}

@ARTICLE{lee1982,
  author = {Lee, L.-F.},
  title = {Specification error in multinomial logit models: {A}nalysis of the omitted variable bias},
  journal = {Journal of Econometrics},
  year = {1982},
  volume = {20},  
  number = {2},
  pages = {197--209}
}


@ARTICLE{lee.nelder2004,
  author = {Lee, Y. and Nelder, J. A.},
  title = {Conditional and marginal models: another view},
  journal = STSCI,
  year = {2004},
  volume = {19}, 
  number = {2},
  pages = {219--238}
}

@ARTICLE{lesaffre.spiessens2001,
  author = {Lesaffre, E. and Spiessens, B.},
  title = {On the effect of the number of quadrature points in a logistic random-effects model: an example},
  journal = JRSSC,
  year = {2001},
  volume = {50},
 number = {3},
  pages = {325--335}
}

@ARTICLE{liang.etal1992,
  author = {Liang, K. Y. and Zeger, S. and Quaqish, B.},
  title = {Multivariate regression analyses for categorical data (with discussion)},
  journal = JRSSB,
  year = {1992},
  volume = {54}, 
  pages = {3--40}
}



@ARTICLE{liang.zeger1986,
  author = {Liang, Kung-Yee and Zeger, Scott L.},
  title = {{L}ongitudinal data analysis using generalized linear models},
  journal = {Biometrika},
  year = {1986},
  volume = {73},
  number = {1},
  pages = {13--22}
}




@article{ponzi.etal2019,
  author = {Ponzi, E. and Keller, L. F. and Muff, S.},
  title = {The simulation extrapolation technique meets
ecology and evolution: A general and intuitive method to account for measurement
error},
  year = {2019},
  journal = {Methods in Ecology and Evolution},
  volume = {10},
  pages = {1734--1748}
}


@article{ponzi.etal2018,
  author = {Ponzi, E. and Keller, L. F. and Bonnet, T. and Muff, S.},
  title = {Heritability, selection, and the response to selection in the presence of phenotypic measurement error: effects, cures, and the role of repeated measurements},
  year = {2018},
  journal = {Evolution},
  volume = {72},
  pages = {1992--2004}
}

@article{muff.etal2019,
  author = {Muff, S. and Niskanen, A.K. and Saatoglu, D. and Keller, L.F. and Jensen, H.},
  year = {2019},
  title = {Animal models with group-specific additive genetic variances: extending genetic group models},
  journal = {Genetics, Selection, Evolution},
  volume = {51:7}
}

@article{muff.etal2019b,
  author = {Muff, S. and Signer, J. and Fieberg, J.},
  year = {2019},
  title = {Accounting for individual-specific variation in habitat-selection studies: Efficient estimation of mixed-effects models using Bayesian or frequentist computation},
  journal = {Journal of Animal Ecology},
  volume = {89},
  pages = {80--92}
}


@BOOK{Lindsey.1993,
  title = {{Models for Repeated Measurements}},
  publisher = {The Clarendon Press, Oxford University Press, New York},
  year = {1999},
  author = {Lindsey, J. K.},
  edition = {2}
}

@ARTICLE{lindsey.lambert1998,
  author = {Lindsey, J. K. and Lambert, P.},
  title = {On the appropriateness of marginal models for repeated measurements in clinical trials},
  journal = {Statistics in Medicine},
  year = {1998},
  volume = {17},
  number = {4},
  pages = {447--469},
  keywords = {marginal models},
  owner = {steffi}
}


@ARTICLE{nakagawa.freckleton2008,
  author = {Nakagawa, S. and Freckleton, R. P.},
  title = {Missing inaction: the dangers of ignoring missing data},
  journal = TREE,
  year = {2008},
  volume = {23},
  pages = {592--596}
}

@ARTICLE{nakagawa.schielzeth2013,
  author = {Nakagawa, S. and Schielzeth, H.},
  title = {A general and simple method for obtaining {$R^2$} from generalized linear mixed-effects models},
  journal = {Methods in Ecology and Evolution},
  year = {2013},
  volume = {4},
  pages = {133--142}
}


@Article{neuhaus.etal1991,
  author = {Neuhaus, J.M. and Kalbfleisch, J.D. and Hauck, W.W.},
  title = {A Comparison of Cluster-Specific and Population-Averaged Approaches for Analyzing Correlated Binary Data},
  journal = "International Statistical Review",
  year = "1991",
  volume = "59",
  number = "1",
  pages = "25--35"
}

@Article{neuhaus.etal1992,
  author = {Neuhaus, J.M. and Hauck, W.W. and Kalbfleisch, J.D.},
  title = {The effects of mixture distribution misspecification when fitting mixed-effects logistic models},
  journal = {Biometrika},
  year = {1992},
  volume = {79},
  number = {4},
  pages = {755--762}
}


@ARTICLE{neuhaus2002,
  author = {Neuhaus, J. M.},
  title = {Analysis of clustered and longitudinal binary data subject to response misclassification},
  journal = {Biometrics},
  year = {2002},
  volume = {58},
  pages = {675--683}
}

@ARTICLE{overall.tonidandel.2004,
  author = {Overall, J. E. and Tonidandel, S.},
  title = {Robustness of Generalized Estimating Equation ({GEE}) Tests of Significance against Misspecification of the Error Structure Model},
  journal = {Biometrical Journal},
  year = {2004},
  volume = {26},
  number = {2},
  pages = {203--213}
}

@ARTICLE{pan.2001,
  author = {Pan, W.},
  title = {Akaike's Information Criterion in Generalized Estimating Equations},
  journal = {Biometrics},
  year = {2001},
  volume = {57}, 
  number = {1},
  pages = {120--125}
}


@ARTICLE{paradis.claude2002,
  author = {Paradis, E. and Claude, J.},
  title = {Analysis of Comparative Data Using Generalized Estimating Equations},
  journal = {Journal of Theoretical Biology},
  year = {2002},
  volume = {218},
  number = {2},
  pages = {175--185}
}


@BOOK{pinheiro.bates2000,
  author = {Pinheiro, J. C. and Bates, D. M.},
  title = {Mixed-Effects Models in S and S-Plus},
  year = {2000},
  publisher = {Springer, New York, NY}
}

@ARTICLE{gustafson2005,
  author = {Gustafson, P.},
  title = {{O}n Model Expansion, Model Contraction, Identifiability
	and Prior Information: Two Illustrative Scenarios Involving
	Mismeasured Variables},
  journal = {Statistical Science},
  year = {2005},
  volume = {20},
  pages = {111--140}
}


@BOOK{gustafson2004,
  title = {{M}easurement {E}rror and {M}isclassification in {S}tatistics and
	{E}pidemiology: {I}mpacts and {B}ayesian {A}djustments},
  publisher = {Chapman \& Hall/CRC},
  year = {2004},
  author = {Gustafson, Paul},
  address = {Boca Raton}
}

@BOOK{gustafson2015,
  title = {{B}ayesian {I}nference for {P}artially {I}dentified {M}odels: {E}xploring the {L}imits of {L}imited {D}ata},
  publisher = {Chapman \& Hall/CRC},
  year = {2015},
  author = {Gustafson, Paul},
  address = {Boca Raton}
}

@ARTICLE{richardson.gilks1993,
  author = {Richardson, S. and Gilks, W.R.},
  title = {{C}onditional independence models for epidemiological studies with
	covariate measurement error},
  journal = {Statistics in Medicine},
  year = {1993},
  volume = {12},
}

@ARTICLE{Held.Sauter2016,
  author = {Held, L. and Sauter, R.},
  title = {Adaptive prior weighting in generalized linear models},
  year = {2016},
  journal = {Biometrics},
  note = {Early View at \url{http://dx.doi.org/10.1111/biom.12541}}
}

@INCOLLECTION{stephens.dellaportas1992,
  author = {Stephens, D.A. and Dellaportas, P.},
  title = {{B}ayesian analysis of generalised linear models with covariate measurement
	error},
  booktitle = {Bayesian Statistics 4},
  publisher = {Oxford Univ Press},
  year = {1992},
  editor = {J. M. Bernardo and J. O. Berger and A. P. Dawid and A. F. M. Smith},
  owner = {steffi},
  timestamp = {2012.10.11}
}

@incollection{breslow2014,
  author = {Breslow, N. E.},
  title = {Lessons in Biostatistics},
  booktitle = {Past, Present and Future of Statistical Science},
  editor = {Lin, X. and Genest, Ch. and Banks, D. L. and Molenberghs, G. and Scott, D. W. and Wang, J.},
  publisher = {CRC Press},
  pages = {335--347},
  year = {2014}
}


@ARTICLE{poncet.etal2010,
  author = {Poncet, B. N. and Herrmann, D. and Gugerli, F. and Taberlet, P. and Holderegger, R. and Gielly, L. and Rioux, D. and Thuiller, W. and Aubert, S. and Manel, S.},
  title = {Tracking genes of ecological relevance using a genome scan in two independent regional population samples of {A}rabis alpina},
  journal = {Molecular Ecology},
  year = {2010},
  volume = {19},
  number = {14},
  pages = {2896--2907}
}



@INCOLLECTION{raudenbush.2008,
  author = {Raudenbush, S. W.},
  title = {{T}argets of inference in hierarchical models for longitudinal data},
  booktitle = {Longitudinal Data Analysis},
  publisher = {Chapman $\&$ Hall},
  year = {2008},
  editor = {Fitzmaurice, G. and Davidian, M. and Verbeke, G. and Molenberghs,
	G.},
  owner = {steffi},
  quality = {1},
  timestamp = {2014.03.26}
}


@book{fitzmaurice.etal2009,
   title = "Longitudinal Data Analysis",
   editor = "Fitzmaurice, G. and Davidian, M. and Verbeke, G. and Molenberghs, G.",
   series = "Chapman \& Hall/CRC handbooks of modern statistical methods",
   publisher = "CRC Press",
   address = "Boca Raton (Fla.)",
   year = 2009
}

 

@BOOK{fitzmaurice.etal2004,
 title = {Applied Longitudinal Analysis},
 author = {Fitzmaurice, G. M. and Laird, N. M. and Ware, J. H.},
 publisher = {Wiley Series in Probability and Statistics. John Wiley \& Sons: New Jersey},
  year = {2004}
}


@BOOK{molenberghs.verbeke2005,
title = {Models for Discrete Longitudinal Data},
author = {Molenberghs, G. and Verbeke, G.},
year = {2005},
publisher = {Springer, New York}
}


@ARTICLE{reeves.etal1998,
  author = {Reeves, G. K. and Cox, D. R. and Darby, S. C. and Whitley, E.},
  title = {Some aspects of measurement error in explanatory variables for continuous and binary regression models},
  journal = {Statistics in Medicine},
  year = {1998},
  volume = {17},
  number = {19},
  pages = {2157--2177}
}

@ARTICLE{cox1972,
  author = {Cox, D. R..},
  title = {Regression models and life tables (with {D}iscussion)},
  journal = JRSSB,
  year = {1972},
  volume = {34},
  number = {2},
  pages = {187--220}
}

@ARTICLE{ripatti.palmgren2000,
  author = {Ripatti, S. and Palmgren, J.},
  title = {Estimation of multivariate frailty models using penalized partial likelihood},
  journal = {Biometrics},
  year = {2000},
  volume = {56},
  pages = {1016--1022}
}





@ARTICLE{rosner1984,
  author = {Rosner, B.},
  title = {Multivariate Methods in Ophthalmology with Application to Other Paired-Data Situations},
  journal = {Biometrics},
  year = {1984},
  volume = {40},
  number = {4},
  pages = {1025--1035}
}

@ARTICLE{subramanian2010,
  author = {Subramanian, S. V. and O’Malley, A. J.},
  title = {Modeling Neighborhood Effects: {T}he Futility of Comparing Mixed and Marginal Approaches},
  journal = {Epidemiology},
  year = {2010},
  volume = {21},
  number = {4},
  pages = {475--481}
}


@Book{therneau.grambsch2000,
  author = {Therneau, T. and Grambsch, P.},
  title = {Modeling Survival Data: Extending the Cox model},
  publisher = {Springer},
  year = {2000},
  address = {New York}
}


@ARTICLE{therneau.etal2003,
  author = {Therneau, T. and Grambsch, P. and Pankratz, V. S.},
  title = {Penalized survival models and frailty},
  journal = {Journal of Computational and Graphical Statistics},
  year = {2003},
  volume = {12},
  pages = {156--175}
}


@ARTICLE{keller.etal2002,
  author = {Keller, L. F. and Grant, P. R. and Grant, R. and Petren, K.},
  title = {Environmental conditions affect the magnitued of inbreeding depression in survival of {D}arwin's finches},
  journal = {Evolution},
  year = {2002},
  volume = {56},
  number = {6},
  pages = {1229--1239}
}

@ARTICLE{raudenbush.etal2000,
  author = {Raudenbush, S. W. and Yang, M.-L. and Yosefc, M.},
  title = {Maximum Likelihood for Generalized Linear Models with Nested Random Effects via High-Order, Multivariate {L}aplace Approximation},
  journal = {Journal of Computational and Graphical Statistics},
  year = {2000},
  volume = {9},
  number = {1},
  pages = {141--157}
}


@ARTICLE{ritz.etal2004,
  author = {Ritz, J. and Spiegelman, D.},
  title = {{E}quivalence of conditional and marginal regression models for clustered
	and longitudinal data},
  journal = {Statistical Methods in Medical Research},
  year = {2004},
  volume = {13},
  number = {4},
  pages = {309--323}
}

@ARTICLE{rudemo.etal1989,
  author = {Rudemo, M and Ruppert, D and Streibig, J C},
  title = {{R}andom-effect models in nonlinear regression with applications
	to bioassay},
  journal = {Biometrics},
  year = {1989},
  volume = {45},
  number = {2},
  pages = {349--362},
  publisher = {JSTOR}
}

@ARTICLE{simpson1951,
  author = {Simpson, E. H.},
  title = {The interpretation of interaction in contingency tables},
  journal = JRSSB-97,
  year = {1951},
  volume = {13},
  number = {2},
  pages = {238--241},
}


@ARTICLE{Stefanski1985,
  author = {Stefanski, L.A.},
  title = {The effects of measurement error on parameter estimation},
  journal = {Biometrika},
  year = {1985},
  volume = {72},
  number = {3},
  pages = {583--592},
}

@ARTICLE{tosteson.etal1989,
  author = {Tosteson, T. D. and Stefanski, L. A. and Schafer, D. W.},
  title = {A measurement error model for binary and ordinal regression},
  journal = {Statistics in Medicine},
  year = {1989},
  volume = {8},
  number = {9},
  pages = {1139--1147}
}


@ARTICLE{vicente.etal2006,
  author = {Vicente, J. and Fern\'andez-de-Mera, I. G. and Gortazar, C.},
  title = {Epidemiology and risk factors analysis of elaphostrongylosis in red deer (Cervus elaphus) from Spain},
  journal = {Parasitol. Res.},
  year = {2006},
  volume = {98},
  pages = {77--85}
}

@BOOK{wakefield2013,
title = {Bayesian and Frequentist Regression Methods},
author = {Wakefield, J.},
year = {2013},
publisher = {Springer, New York}
}


@ARTICLE{wedderburn.1974,
  author = {Wedderburn, R. W. M.},
  title = {Quasi-likelihood functions, generalized linear models, and the {G}auss-{N}ewton method},
  journal = {Biometrika},
  year = {1974},
  volume = {61},
  number = {3},
  pages = {439--447}
}

@ARTICLE{young.etal2007,
  author = {Young, M. L. and Preissner, J. S. and Quaqish, B. F. and Wolfson, M.},
  title = {Comparison of subject-specific and population averaged models for count data from
cluster-unit intervention trials},
  journal = SMMR,
  year = {2007},
  volume = {16},
  number = {2},
  pages = {167--184}
}


@ARTICLE{zeger.liang1986,
  author = {Zeger, S.L. and Liang, Kung-Yee},
  title = {Longitudinal Data Analysis for Discrete and Continuous Outcomes},
  journal = {Biometrics},
  year = {1986},
  volume = {42},
  number = {1},
  pages = {121--130},
}


@ARTICLE{zeger.etal1988,
  author = {Zeger, S.L. and Liang, Kung-Yee and Albert, P.S.},
  title = {Models for Longitudinal Data: A Generalized Estimating Equation Approach},
  journal = {Biometrics},
  year = {1988},
  volume = {44},
  number = {4},
  pages = {1049--1060},
}

@ARTICLE{zicus.etal2003,
  author = {Zicus, M. C. and Fieberg, J. and Rave, D. P.},
  title = {Does mallard clutch size vary with landscape composition: a different view},
  journal = {Wilson Bulletin},
  year = {2003},
  volume = {115},
  number = {5},
  pages = {409--413},
}

@ARTICLE{zicus.etal2006,
  author = {Zicus, M. C. and Rave, D. P. and Das, A. and Riggs, M. R. and Buitenwerf, M. L.},
  title = {Influence of land use on mallard nest-structure occupancy},
  journal = {Journal of Wildlife Management},
  year = {2006},
  volume = {70},
  number = {5},
  pages = {1325--1333},
}

@INCOLLECTION{ziegler.vens2014,
  author = {Ziegler, A. and Vens, M.},
  title = {{G}eneralized {E}stimating {E}quations},
  booktitle = {Handbook of Epidemiology},
  publisher = {Springer, New York},
  year = {2014},
  edition = {2}
}

@Book{zuur.etal2009,
 author = {Zuur, A. F. and Ieno, E. N. and Walker, N. J. and Saveliev, A. A. and Smith, G. M.},
 title = {Mixed Effects Models and Extensions in Ecology with R},
 year = {2009},
 publisher = {Springer, New York}
}

@Manual{newR,
    title = {R: A Language and Environment for Statistical Computing},
    author = {{R Core Team}},
    organization = {R Foundation for Statistical Computing},
    address = {Vienna, Austria},
    year = {2013},
    url = {http://www.R-project.org/},
  }


@book{burnham.anderson2002,
 author = {Burnham, K. P. and Anderson, D. R.}, 
 title = {Model Selection and Inference : A Practical Information-Theoretical Approach},
 year = {2002},
  edition = {2},
publisher = {Springer, New York}
}


@ARTICLE{rue.etal2009,
  author = {Rue, H and Martino, S and Chopin, N},
  title = {{A}pproximate {B}ayesian inference for latent {G}aussian models by
	using integrated nested {L}aplace approximations (with discussion)},
  journal = {Journal of the Royal Statistical Society. Series B (Methodological)},
  year = {2009},
  volume = {71},
  pages = {319--392}
}


@ARTICLE{pinheiro.chao2006,
  author = {Pinheiro, J. C. and Chao, E. C.},
  title = {Efficient {L}aplacian and Adaptive {G}aussian Quadrature Algorithms for Multilevel Generalized Linear mixed moels},
  journal = {Journal of Computational and Graphical Statistics},
  year = {2006},
  volume = {15},
  number = {1},
  pages = {58--81}
}


@ARTICLE{nooraee.etal2014,
  author = {Nooraee, N. and Molenberghs, G. and van den Heuvel, E. R.},
  title = {{GEE} for longitudinal ordinal data: Comparing {R}-geepack, {R}-multgee, {R}-repolr, {SAS}-{GENMOD}, {SPSS}-{GENLIN}},
  journal = {Computational Statistics \& Data Analysis},
  year = {2014},
  volume = {77},
  pages = {70--83}
}

@book{agresti2002,
 author = {Agresti, A.}, 
 title = {Categorical Data Analysis},
 year = {2002},
publisher = {John Wiley \& Sons},
address = {Hoboken, New Jersey}
}


@ARTICLE{bolker.etal2009,
  author = {Bolker, B. M. and Brooks, M. E. and Clark, C. J. and Geange, S. W. and Poulsen, J. R. and Stevens, M. H. H. and White, J.-S. S.},
  title = {Generalized linear mixed models: a practical guide for ecology and evolution},
  journal = {Trends in Ecology and Evolution},
  year = {2009},
  volume = {24},
  number = {3},
  pages = {127--135}
}


@ARTICLE{lewis.etal2011,
  author = {Lewis, F. and Butler, A. and Gilbert, L.},
  title = {A unified approach to model selection using the likelihood ratio test},
  journal = {Methods in Ecology and Evolution},
  year = {2011},
  volume = {2},
  number = {2},
  pages = {155--162}
}


@Manual{lme4,
    title = {{lme4}: Linear mixed-effects models using Eigen and S4},
    author = {Douglas Bates and Martin Maechler and Ben Bolker and
      Steven Walker},
    year = {2014},
    note = {R package version 1.1-7},
    url = {http://lme4.r-forge.r-project.org/}
  }

@Manual{gee,
  title = {Package 'gee'},
  author = {Caray, V. J. and Lumley, T. and Ripley, B.},
  year = {2015},
  note = {R package version 4.13-19}
}

@ARTICLE{muenchow1986,
  author = {Muenchow, G.},
  title = {Ecological use of failure time analysis},
  journal = {Ecology},
  year = {1986},
  volume = {67},
  number = {1},
  pages = {246--250}
}


@Incollection{akaike1973, 
  author = {Akaike, H.},
  title = {Information theory and extension of the maximum likelihood principle},
  Editor = {Petrov, B. N. and Csaki, F.},
  booktitle = {International Symposium on Information Theory},
  year = {1973},
  address = {Budapest},
  publisher = {Akademia Kiado},
  pages = {267 -- 281}
}

@Article{schwarz1978,
 author = {Schwarz, G.},
 year = {1978},
 title = {Estimating the dimension of a model},
 journal = ANS,
 volume = {6},
 number = {2},
 pages = {461--464}
}

@Article{hodges.sargent2001,
 author = {Hodges, J. S. and Sargent, D. J.},
 year = {2001},
 title = {Counting degrees of freedom in hierarchical and other richly-parameterised models},
 journal = {Biometrika},
 volume = {88},
 number = {2},
 pages = {367--379}
}

@Article{braun.etal2014,
 author = {Braun, J. and Saban\'es Bov\'e, D. and Held, L.},
 year = {2014},
 title = {Choice of generalized linear mixed models using predictive crossvalidation},
 journal = {Computational Statistics \& Data Analysis},
 volume = {75},
 pages = {190--202}
}
 
@ARTICLE{schildcrout.heagerty2007,
  author = {Schildcrout, J. S. and Heagerty, P. J.},
  title = {Marginalized Models for Moderate to Long Series of Longitudinal
Binary Response Data},
  journal = {Biometrics},
  year = {2007},
  volume = {63},
  pages = {322--331}
}


@ARTICLE{pauler1998,
  author = {Pauler, D. K.},
  title = {The {S}chwarz Criterion and Related Methods for Normal Linear Models},
  journal = {Biometrika},
  year = {1998},
  volume = {85},
  pages = {13--27}
}

@Article{gehr.etal2016,
  author = {Gehr, B. and Hofer, E. and Muff, S. and Ryser, A. and Vimercati, E. and Vogt, K. and Keller, L. F.},
  title = {Spatial scale and behavioral state interact in shaping temporal dynamics of habitat selection in {E}urasian lynx},
  journal = {Oikos},
  year = {2017},
  volume = {126},
  pages = {1389--1399},
}

@Article{weinberger.etal2016,
  author = {Weinberger, I. C. and Muff, S. and Kranz, A. and Bontadina, F.},
  title = {Flexible habitat selection paves the way for a recovery of otter populations in the {E}uropean {A}lps},
  journal = {Biological Conservation},
  year = {2016},
  volume = {199},
  pages = {88--95}
}

@BOOK{yi2016,
  title = {Statistical Analysis with Measurement Error or Misclassification: Strategy, Method and Application},
  author = {Yi, G. Y.},
  publisher = {Springer},
  year = {2016},
  address = {New York}
}


